%YAML 1.1
%TAG !u! tag:unity3d.com,2011:
--- !u!91 &9100000
AnimatorController:
  m_ObjectHideFlags: 0
  m_PrefabParentObject: {fileID: 0}
  m_PrefabInternal: {fileID: 0}
  m_Name: Yeti_Idle0005
  serializedVersion: 2
  m_AnimatorParameters:
  - m_Name: Jump
    m_Type: 9
    m_DefaultFloat: 0
    m_DefaultInt: 0
    m_DefaultBool: 0
    m_Controller: {fileID: 9100000}
  - m_Name: Start
    m_Type: 9
    m_DefaultFloat: 0
    m_DefaultInt: 0
    m_DefaultBool: 0
    m_Controller: {fileID: 9100000}
  m_AnimatorLayers:
  - serializedVersion: 3
    m_Name: Base Layer
    m_StateMachine: {fileID: 110700000}
    m_Mask: {fileID: 0}
    m_BlendingMode: 0
    m_SyncedLayerIndex: -1
    m_StateMachineMotionSetIndex: 0
    m_DefaultWeight: 0
    m_IKPass: 0
    m_SyncedLayerAffectsTiming: 0
    m_Controller: {fileID: 9100000}
--- !u!1101 &110100000
Transition:
  serializedVersion: 2
  m_ObjectHideFlags: 3
  m_PrefabParentObject: {fileID: 0}
  m_PrefabInternal: {fileID: 0}
  m_Name: 
  m_SrcState: {fileID: 110200000}
  m_DstState: {fileID: 110297328}
  m_TransitionDuration: 0
  m_TransitionOffset: 0
  m_Conditions:
  - m_ConditionMode: 1
    m_ConditionEvent: Start
    m_EventTreshold: 0
    m_ExitTime: 1
  m_Atomic: 1
  m_Solo: 0
  m_Mute: 0
  m_CanTransitionToSelf: 0
--- !u!1101 &110131939
Transition:
  serializedVersion: 2
  m_ObjectHideFlags: 3
  m_PrefabParentObject: {fileID: 0}
  m_PrefabInternal: {fileID: 0}
  m_Name: 
  m_SrcState: {fileID: 110299933}
  m_DstState: {fileID: 110297328}
  m_TransitionDuration: 0
  m_TransitionOffset: 0
  m_Conditions:
  - m_ConditionMode: 5
    m_ConditionEvent: Jump
    m_EventTreshold: 0
    m_ExitTime: 1
  m_Atomic: 1
  m_Solo: 0
  m_Mute: 0
  m_CanTransitionToSelf: 0
--- !u!1101 &110166161
Transition:
  serializedVersion: 2
  m_ObjectHideFlags: 3
  m_PrefabParentObject: {fileID: 0}
  m_PrefabInternal: {fileID: 0}
  m_Name: 
  m_SrcState: {fileID: 110297328}
  m_DstState: {fileID: 110299933}
  m_TransitionDuration: 0
  m_TransitionOffset: 0
  m_Conditions:
  - m_ConditionMode: 1
    m_ConditionEvent: Jump
    m_EventTreshold: 0
    m_ExitTime: 1
  m_Atomic: 1
  m_Solo: 0
  m_Mute: 0
  m_CanTransitionToSelf: 0
--- !u!1102 &110200000
State:
  m_ObjectHideFlags: 3
  m_PrefabParentObject: {fileID: 0}
  m_PrefabInternal: {fileID: 0}
  m_Name: Yeti_idle
  m_Speed: 1
  m_CycleOffset: 0
  m_Motions:
  - {fileID: 7400000, guid: fd16ba8819baf4be3a938fee61c36afa, type: 2}
  m_ParentStateMachine: {fileID: 110700000}
  m_Position: {x: -72, y: -36, z: 0}
  m_IKOnFeet: 0
  m_Mirror: 0
  m_Tag: 
--- !u!1102 &110209195
State:
  m_ObjectHideFlags: 3
  m_PrefabParentObject: {fileID: 0}
  m_PrefabInternal: {fileID: 0}
  m_Name: Yeti_land
  m_Speed: 1
  m_CycleOffset: 0
  m_Motions:
  - {fileID: 7400000, guid: fce260645bb064254a9a93cbf17a8880, type: 2}
  m_ParentStateMachine: {fileID: 110700000}
  m_Position: {x: 444, y: -84, z: 0}
  m_IKOnFeet: 0
  m_Mirror: 0
  m_Tag: 
--- !u!1102 &110244833
State:
  m_ObjectHideFlags: 3
  m_PrefabParentObject: {fileID: 0}
  m_PrefabInternal: {fileID: 0}
  m_Name: Yeti_fall
  m_Speed: 1
  m_CycleOffset: 0
  m_Motions:
  - {fileID: 7400000, guid: ddec27de20f424f7581b49e23afbfb4c, type: 2}
  m_ParentStateMachine: {fileID: 110700000}
  m_Position: {x: 444, y: 0, z: 0}
  m_IKOnFeet: 0
  m_Mirror: 0
  m_Tag: 
--- !u!1102 &110297328
State:
  m_ObjectHideFlags: 3
  m_PrefabParentObject: {fileID: 0}
  m_PrefabInternal: {fileID: 0}
  m_Name: Yeti_Run
  m_Speed: 1
  m_CycleOffset: 0
  m_Motions:
  - {fileID: 7400000, guid: 36b906f4b00854f3aa9be807b55d1a57, type: 2}
  m_ParentStateMachine: {fileID: 110700000}
  m_Position: {x: 204, y: -84, z: 0}
  m_IKOnFeet: 0
  m_Mirror: 0
  m_Tag: 
--- !u!1102 &110299933
State:
  m_ObjectHideFlags: 3
  m_PrefabParentObject: {fileID: 0}
  m_PrefabInternal: {fileID: 0}
  m_Name: Yeti_jump
  m_Speed: .5
  m_CycleOffset: 0
  m_Motions:
  - {fileID: 7400000, guid: 51832b4913ca244019a6167d5288738c, type: 2}
  m_ParentStateMachine: {fileID: 110700000}
  m_Position: {x: 204, y: 0, z: 0}
  m_IKOnFeet: 0
  m_Mirror: 0
  m_Tag: 
--- !u!1107 &110700000
StateMachine:
  serializedVersion: 2
  m_ObjectHideFlags: 3
  m_PrefabParentObject: {fileID: 0}
  m_PrefabInternal: {fileID: 0}
  m_Name: Base Layer
  m_DefaultState: {fileID: 110200000}
  m_States:
  - {fileID: 110200000}
  - {fileID: 110244833}
  - {fileID: 110299933}
  - {fileID: 110209195}
  - {fileID: 110297328}
  m_ChildStateMachine: []
  m_ChildStateMachinePosition: []
  m_OrderedTransitions:
    data:
      first: {fileID: 110297328}
      second:
      - {fileID: 110166161}
    data:
      first: {fileID: 110209195}
      second: []
    data:
      first: {fileID: 110299933}
      second:
      - {fileID: 110131939}
    data:
      first: {fileID: 110244833}
      second: []
    data:
      first: {fileID: 110200000}
      second:
      - {fileID: 110100000}
  m_MotionSetCount: 1
  m_AnyStatePosition: {x: -36, y: 24, z: 0}
  m_ParentStateMachinePosition: {x: 800, y: 20, z: 0}
